<record><leader>00000cas a2200000 a 4500</leader><controlfield tag="001">14078722</controlfield><controlfield tag="008">860812d18241824mauwr ne      0    0eng c</controlfield><datafield ind1=" " ind2=" " tag="010"><subfield code="a">sn 86077199 </subfield></datafield><datafield ind1=" " ind2=" " tag="040"><subfield code="a">NPA</subfield><subfield code="b">eng</subfield><subfield code="c">NPA</subfield><subfield code="d">MGN</subfield><subfield code="d">NVF</subfield><subfield code="d">OCL</subfield><subfield code="d">DLC</subfield><subfield code="d">OCLCQ</subfield><subfield code="d">OCLCF</subfield><subfield code="d">OCLCO</subfield></datafield><datafield ind1="1" ind2=" " tag="029"><subfield code="a">AU@</subfield><subfield code="b">000007992506</subfield></datafield><datafield ind1=" " ind2=" " tag="042"><subfield code="a">pcc</subfield></datafield><datafield ind1=" " ind2=" " tag="043"><subfield code="a">n-us-ma</subfield></datafield><datafield ind1="0" ind2=" " tag="130"><subfield code="a">Boston telegraph (Boston, Mass. : 1824)</subfield></datafield><datafield ind1="1" ind2="0" tag="245"><subfield code="a">Boston telegraph.</subfield></datafield><datafield ind1=" " ind2=" " tag="260"><subfield code="a">[Boston, Mass.] :</subfield><subfield code="b">Printed by Bannister &amp; Marvin ... for Gerard Hallock, editor and proprietor,</subfield><subfield code="c">1824.</subfield></datafield><datafield ind1=" " ind2=" " tag="300"><subfield code="a">v.</subfield></datafield><datafield ind1=" " ind2=" " tag="310"><subfield code="a">Weekly</subfield></datafield><datafield ind1="0" ind2=" " tag="362"><subfield code="a">Vol. 1, no. 1 (Jan. 1, 1824)-v. 1, no. 52 (Dec. 23, 1824).</subfield></datafield><datafield ind1=" " ind2="0" tag="651"><subfield code="a">Boston (Mass.)</subfield><subfield code="v">Newspapers.</subfield></datafield><datafield ind1=" " ind2="7" tag="655"><subfield code="a">Newspapers.</subfield><subfield code="2">fast</subfield><subfield code="0">(OCoLC)fst01423814</subfield></datafield><datafield ind1=" " ind2="7" tag="651"><subfield code="a">Massachusetts</subfield><subfield code="z">Boston.</subfield><subfield code="2">fast</subfield><subfield code="0">(OCoLC)fst01205012</subfield></datafield><datafield ind1=" " ind2=" " tag="752"><subfield code="a">United States</subfield><subfield code="b">Massachusetts</subfield><subfield code="c">Suffolk</subfield><subfield code="d">Boston.</subfield></datafield><datafield ind1="0" ind2="7" tag="785"><subfield code="t">Boston recorder (Boston, Mass. : 1817)</subfield><subfield code="x">2157-1058</subfield><subfield code="w">(DLC)sn 85047620</subfield><subfield code="w">(OCoLC)7792198</subfield></datafield><datafield ind1="0" ind2="7" tag="785"><subfield code="t">Recorder &amp; telegraph</subfield><subfield code="x">2157-1066</subfield><subfield code="w">(DLC)sn 85017450</subfield><subfield code="w">(OCoLC)7792319</subfield></datafield></record>